% This file was created with JabRef 2.10b2.
% Encoding: UTF-8

@article{liberman1997,
  title={Classifica{\c{c}}{\~a}o de imagens digitais por textura usando redes Neurais},
  author={Liberman, Felipe},
  year={1997}
}

@article{haralickTEXTURA,
  title={Statistical and structural approaches to texture},
  author={Haralick, Robert M},
  journal={Proceedings of the IEEE},
  volume={67},
  number={5},
  pages={786--804},
  year={1979},
  publisher={IEEE}
}

@article{tamura1978textural,
  title={Textural features corresponding to visual perception},
  author={Tamura, Hideyuki and Mori, Shunji and Yamawaki, Takashi},
  journal={IEEE Transactions on Systems, man, and cybernetics},
  volume={8},
  number={6},
  pages={460--473},
  year={1978},
  publisher={Ieee}
}

@phdthesis{valencca2011monitorizaccao,
  title={Monitoriza{\c{c}}{\~a}o do estado de conserva{\c{c}}{\~a}o de estruturas de bet{\~a}o por processamento de imagem e an{\'a}lise multi-espectral},
  author={Valen{\c{c}}a, J{\'o}natas Miguel de Almeida},
  year={2011}
}

@article{usptex,
  title={Color texture analysis based on fractal descriptors},
  author={Backes, Andr{\'e} Ricardo and Casanova, Dalcimar and Bruno, Odemir Martinez},
  journal={Pattern Recognition},
  volume={45},
  number={5},
  pages={1984--1992},
  year={2012},
  publisher={Elsevier},
  url={https://www-lisic.univ-littoral.fr/~porebski/USPtex_image_set.html}
}

@article{weber1997usc,
  title={The USC-SIPI image database version 5},
  author={Weber, Allan G},
  journal={USC-SIPI Report},
  volume={315},
  number={1},
  year={1997},
  url={https://sipi.usc.edu/database/database.php}
}

@article{fekri2019new,
  title={A New Benchmark Dataset for Texture Image Analysis and Surface Defect Detection},
  author={Fekri-Ershad, Shervan},
  journal={arXiv preprint arXiv:1906.11561},
  year={2019},
  url={https://www.researchgate.net/publication/333755130_STI_Dataset_Link}
}

@book{brodatz1966textures,
  title={Textures: a photographic album for artists and designers},
  author={Brodatz, Phil},
  year={1966},
  publisher={New York: Dover Pub.}
}

@TECHREPORT{Kylberg2011c,
  author = {Gustaf Kylberg},
  title = {The Kylberg Texture Dataset v. 1.0},
  institution = {Centre for Image Analysis, Swedish University of Agricultural Sciences
	and Uppsala University, Uppsala, Sweden},
  year = {2011},
  type = {External report (Blue series)},
  number = {35},
  month = {September},
  url = {http://www.cb.uu.se/~gustaf/texture/}
}

@article{lbp-guo2010rotation,
  title={Rotation invariant texture classification using LBP variance (LBPV) with global matching},
  author={Guo, Zhenhua and Zhang, Lei and Zhang, David},
  journal={Pattern recognition},
  volume={43},
  number={3},
  pages={706--719},
  year={2010},
  publisher={Elsevier}
}

@article{gaborZhang2000content,
  title={Content-based image retrieval using Gabor texture features},
  author={Zhang, Dengsheng and Wong, Aylwin and Indrawan, Maria and Lu, Guojun},
  journal={IEEE Transactions Pami},
  volume={3656},
  year={2000},
  publisher={Citeseer}
}

@article{haralick1973textural,
  title={Textural features for image classification},
  author={Haralick, Robert M and Shanmugam, Karthikeyan and Dinstein, Its' Hak},
  journal={IEEE Transactions on systems, man, and cybernetics},
  number={6},
  pages={610--621},
  year={1973},
  publisher={Ieee}
}

@inproceedings{lhc-smith1996local,
  title={Local color and texture extraction and spatial query},
  author={Smith, John R and Chang, Shih-Fu},
  booktitle={Proceedings of 3rd IEEE International Conference on Image Processing},
  volume={3},
  pages={1011--1014},
  year={1996},
  organization={IEEE}
}

@inproceedings{cgh-stricker1995similarity,
  title={Similarity of color images},
  author={Stricker, Markus Andreas and Orengo, Markus},
  booktitle={Storage and retrieval for image and video databases III},
  volume={2420},
  pages={381--392},
  year={1995},
  organization={International Society for Optics and Photonics}
}

@inproceedings{bic-stehling2002compact,
  title={A compact and efficient image retrieval approach based on border/interior pixel classification},
  author={Stehling, Renato O and Nascimento, Mario A and Falc{\~a}o, Alexandre X},
  booktitle={Proceedings of the eleventh international conference on Information and knowledge management},
  pages={102--109},
  year={2002},
  organization={ACM}
}

@article{vistex,
  title={Vision texture database},
  author={Picard, Rosalind and Graczyk, Chris and Mann, Steve and Wachman, Josh and Picard, Len and Campbell, Lee and Negroponte, N},
  journal={The Media Laboratory, MIT, Cambridge, Massachusetts},
  year={1995},
  url={https://vismod.media.mit.edu/vismod/imagery/VisionTexture/vistex.html}
}

@article{jarbas-analise-textura,
  title={Texture analysis and classification using shortest paths in graphs},
  author={Junior, Jarbas Joaci de Mesquita S{\'a} and Backes, Andre Ricardo and Cortez, Paulo C{\'e}Sar},
  journal={Pattern Recognition Letters},
  volume={34},
  number={11},
  pages={1314--1319},
  year={2013},
  publisher={Elsevier}
}

@article{jarbas-color-texture,
  title={Color texture classification using shortest paths in graphs},
  author={Junior, Jarbas Joaci de Mesquita S{\'a} and Cortez, Paulo C{\'e}sar and Backes, Andr{\'e} Ricardo},
  journal={IEEE Transactions on Image Processing},
  volume={23},
  number={9},
  pages={3751--3761},
  year={2014},
  publisher={IEEE}
}

@book{algoritmos,
Author = {Cormen, Thomas H. and Rivest, Ronald L. and Stein, Clifford and Leiserson, Charles Eric},
ISBN = {9788535236996},
Publisher = {Elsevier},
Title = {Algoritmos : teoria e pr√°tica.},
Year = {2012},
}

@article{scikit-learn,
 title={Scikit-learn: Machine Learning in {P}ython},
 author={Pedregosa, F. and Varoquaux, G. and Gramfort, A. and Michel, V.
         and Thirion, B. and Grisel, O. and Blondel, M. and Prettenhofer, P.
         and Weiss, R. and Dubourg, V. and Vanderplas, J. and Passos, A. and
         Cournapeau, D. and Brucher, M. and Perrot, M. and Duchesnay, E.},
 journal={Journal of Machine Learning Research},
 volume={12},
 pages={2825--2830},
 year={2011},
 url = {http://jmlr.csail.mit.edu/papers/v12/pedregosa11a.html}
}

@book{Sommerville2011,
  Author = {Ian Sommerville},
  Title = {Engenharia de Software (Em Portuguese do Brasil)},
  Publisher = {Pearson},
  Year = {2011},
  ISBN = {8579361087},
  URL = {https://www.amazon.com/Engenharia-Software-Em-Portuguese-Brasil/dp/8579361087?SubscriptionId=AKIAIOBINVZYXZQZ2U3A&tag=chimbori05-20&linkCode=xm2&camp=2025&creative=165953&creativeASIN=8579361087}
}

@Book{PRESSMAN2016,
  Author = {Roger S. Pressman},
  Title = {Engenharia de Software: Uma Abordagem Profissional},
  Publisher = {AMGH},
  Year = {2016},
  ISBN = {8580555337},
  URL = {https://www.amazon.com/Engenharia-Software-Uma-Abordagem-Profissional/dp/8580555337?SubscriptionId=AKIAIOBINVZYXZQZ2U3A&tag=chimbori05-20&linkCode=xm2&camp=2025&creative=165953&creativeASIN=8580555337}
}

@Book{Gonzalez2000,
  Author = {Gonzalez, Rafael C and Woods, Richard C},
  Title = {Processamento de Imagens Digitais},
  Publisher = {Edgard Blucher},
  Year = {2000},
  ISBN = {8521202644},
}

@Article{igraph,
   title = {The igraph software package for complex network research},
   author = {Gabor Csardi and Tamas Nepusz},
   journal = {InterJournal},
   volume = {Complex Systems},
   pages = {1695},
   year = {2006},
   url = {http://igraph.org},
   }
  
@Article{opencv_library,
    author = {Bradski, G.},
    citeulike-article-id = {2236121},
    journal = {Dr. Dobb's Journal of Software Tools},
    keywords = {bibtex-import},
    posted-at = {2008-01-15 19:21:54},
    priority = {4},
    title = {{The OpenCV Library}},
    year = {2000},
    url = {https://docs.opencv.org/master/},
}

@Article{ScikitImage,
  title = {Scikit-{I}mage: Image {P}rocessing in {P}ython},
 author = {van der Walt, {S}t\'efan and {S}ch\"onberger, {J}ohannes {L}. and
           {Nunez-Iglesias}, {J}uan and {B}oulogne, {F}ran\c{c}ois and {W}arner,
           {J}oshua {D}. and {Y}ager, {N}eil and {G}ouillart, {E}mmanuelle and
           {Y}u, {T}ony and the scikit-image contributors},
 year = {2014},
 month = {6},
 keywords = {Image processing, Reproducible research, Education,
             Visualization, Open source, Python, Scientific programming},
 volume = {2},
 pages = {e453},
 journal = {PeerJ},
 issn = {2167-8359},
 url = {https://doi.org/10.7717/peerj.453},
 doi = {10.7717/peerj.453}
}

@Book{Gonzalez2009,
  title     = {Processamento Digital de Imagens},
  publisher = {Pearson},
  year      = {2009},
  author    = {Gonzalez, Rafael C and Woods, Richard C},
  editor    = {Pearson Universidades},
  edition   = {3},
  month     = dec,
  isbn      = {8576054019},
}

@Manual{abnTeX22014b,
  Title                    = {A classe abntex2},
  Author                   = {abnTeX2 and Lauro C\'{e}sar Araujo},
  Organization             = {Equipe abnTeX2},
  Year                     = {2014},

  Bdsk-url-1               = {http://code.google.com/p/abntex2/wiki/Download},
  Pages                    = {46},
  Subtitle                 = {Documentos t\'{e}cnicos e cient\'{i}ficos brasileiros compat\'{i}veis com as normas ABNT},
  Timestamp                = {2014.09.27},
  Url                      = {http://abntex2.googlecode.com/},
  Urlaccessdate            = {12 de setembro de 2014}
}

@Manual{abnTeX22014d,
  Title                    = {O pacote abntex2cite},
  Author                   = {abnTeX2 and Lauro C\{\textquoteright}{e}sar Araujo},
  Organization             = {Equipe abnTeX2},
  Year                     = {2014},

  Bdsk-url-1               = {http://code.google.com/p/abntex2/wiki/Download},
  Pages                    = {91},
  Subtitle                 = {Estilos bibliogr\'{a}ficos compat\'{i}veis com a ABNT NBR 6023},
  Timestamp                = {2014.09.27},
  Url                      = {http://abntex2.googlecode.com/},
  Urlaccessdate            = {12 de setembro de 2014}
}

@Manual{abnTeX22014c,
  Title                    = {O pacote abntex2cite},
  Author                   = { Lauro C\'{e}sar Araujo and abnTeX2 },
  Organization             = {Equipe abnTeX2},
  Year                     = {2014},

  Bdsk-url-1               = {http://code.google.com/p/abntex2/wiki/Download},
  Pages                    = {23},
  Subtitle                 = {T\'{o}picos espec\'{i}ficos da ABNT NBR 10520:2002 e o estilo bibliogr\'{a}fico alfab\'{e}tico (sistema autor-data)},
  Timestamp                = {2014.09.27},
  Url                      = {http://abntex2.googlecode.com/},
  Urlaccessdate            = {12 de setembro de 2014}
}

@Book{Barbosa2004,
  Title                    = {Testando a utiliza{\c c}\~ao de ``et al.''},
  Author                   = {Carlos Barbosa and {Maria da} Silva Cardoso and {Tenitos da} Silva and Carminda Soares},
  Publisher                = {Editora},
  Year                     = {2004},

  Address                  = {Cidade},
  Edition                  = {2},

  Page                     = {5},
  Timestamp                = {2014.09.24}
}

@Misc{BibTeX2014,
  Title                    = {BibTeX.org},

  Author                   = {BibTeX},
  Year                     = {2014},

  Timestamp                = {2014.09.27},
  Url                      = {http://www.bibtex.org},
  Urlaccessdate            = {31 de julho de 2014}
}

@Book{Buerger1989,
  Title                    = {LaTeX for scientists and engineers},
  Author                   = {Buerger, David John},
  Publisher                = {McGraw-Hill},
  Year                     = {1989},

  Address                  = {Singapura},

  Timestamp                = {2014.09.27}
}

@Article{Carvalho2001,
  Title                    = {Intelig{\^e}ncia competitiva numa vis\~ao de futuro},
  Author                   = {Cl\{\textquoteright}{a}udia Carvalho and Jos\'{e} Fajardo and Joaquim Cruz},
  Journal                  = {DataGramaZero - Revista da Ci{\^e}ncia da Informa{\c c}\~ao},
  Year                     = {2001},
  Number                   = {3},
  Pages                    = {12--16},
  Volume                   = {2},

  Mounth                   = {junho},
  Subtitle                 = {proposta metodol\'{o}gica},
  Timestamp                = {2014.09.27}
}

@Book{Goossens2007,
  Title                    = {The LaTeX graphics companion},
  Author                   = {Goossens, Michel and Mittelbach, Frank and Rahtz, Sebastian and Roegel, Denis and Voss, Herbert},
  Publisher                = {Addison-Wesley},
  Year                     = {2007},

  Address                  = {Boston},
  Edition                  = {2},

  Timestamp                = {2014.09.27}
}

@Misc{IRL2014,
  Title                    = {Internet Research Laboratory},

  Author                   = {IRL},
  Year                     = {2014},

  Key                      = {IRL},
  Timestamp                = {2014.09.24},
  Url                      = {http://irl.cs.ucla.edu/topology},
  Urlaccessdate            = {8 de mar{\c c}o de 2014}
}

@Book{Kopka2003,
  Title                    = {Guide to LaTeX},
  Author                   = {Kopka, Helmut and Daly, Patrick W.},
  Publisher                = {Addison-Wesley},
  Year                     = {2003},

  Address                  = {Boston},
  Edition                  = {4},

  Timestamp                = {2014.09.27}
}

@Book{Lamport1986,
  Title                    = {LaTeX: a document preparation system},
  Author                   = {Lamport, Leslie},
  Publisher                = {Addison-Wesley},
  Year                     = {1986},

  Address                  = {Boston},

  Timestamp                = {2014.09.27}
}

@Misc{LaTeX2014,
  Title                    = {The LaTeX project},

  Author                   = {LaTeX},
  Year                     = {2014},

  Timestamp                = {2014.09.27},
  Url                      = {http://www.latex-project.org},
  Urlaccessdate            = {31 de julho de 2014}
}

@Book{Maturana2003,
  Title                    = {A \'{A}rvore do Conhecimento},
  Author                   = {Humberto R. Maturana and Francisco J. Varela},
  Publisher                = {Editora Palas Athena},
  Year                     = {2003},

  Address                  = {S\~ao Paulo},
  Edition                  = {3},

  Page                     = {283},
  Subtitle                 = {as bases biol\'{o}gicas da compreens\~{a}o humana},
  Timestamp                = {2014.09.27}
}

@Book{Mittelbach2004,
  Title                    = {The LaTeX companion},
  Author                   = {Mittelbach, Frank and Goossens, Michel and Braams, Johannes and Carlisle, David and Rowley, Chris},
  Publisher                = {Addison-Wesley},
  Year                     = {2004},

  Address                  = {Boston},
  Edition                  = {2},

  Timestamp                = {2014.09.27}
}

@PhdThesis{Neubert2001,
  Title                    = {Algoritmos Distribu\'{i}dos para a Constru{\c c}\~ao de Arquivos Invertidos},
  Author                   = {Marden Silveira Neubert},
  School                   = {Departamento de Computa{\c c}\~ao, Universidade Federal de Minas Gerais},
  Year                     = {2001},

  Address                  = {Belo Horizonte},
  Type                     = {Doutorado em Ci{\^e}ncia da Computa{\c c}\~ao},

  Pagename                 = {f.},
  Pages                    = {145},
  Timestamp                = {2014.09.26},
  Year-presented           = {Mar{\c c}o 2001}
}

@MastersThesis{Santos2003,
  Title                    = {Aspectos Conceituais e Arquiteturais para a Cria{\c c}\~ao de Linhagens de Agentes de Software Cognitivos e Situados},
  Author                   = {Bruno Andr\'{e} Santos},
  School                   = {Centro Federal de Educa{\c c}\~ao Tecnol\'{o}gica de Minas Gerais},
  Year                     = {2003},

  Address                  = {Belo Horizonte},
  Type                     = {Mestrado em Tecnologia -- Nome da \'{a}rea de concentra{\c c}\~ao},

  Key                      = {intelig{\^e}ncia artificial, agentes inteligentes, cogni{\c c}\~ao situada},
  Pagename                 = {f.},
  Pages                    = {130},
  Timestamp                = {2014.09.26},
  Year-presented           = {Junho 2003}
}

@Book{Silva2000,
  Title                    = {A Intelig{\^e}ncia da Complexidade},
  Author                   = {Silva, Joaquim and Souza, Jo\~ao {Luiz de}},
  Publisher                = {Editora Petr\'{o}polis},
  Year                     = {2000},

  Address                  = {S\~ao Paulo},

  Timestamp                = {2014.09.24}
}

@MastersThesis{Souza2012,
  Title                    = {Recupera{\c c}\~ao de V\'{i}deos Baseada em Conte\'{u}do em um Sistema de Informa{\c c}\~ao para Apoio \`{a} An\'{a}lise do Discurso Televisivo},
  Author                   = {Celso {Luiz de} Souza},
  School                   = {Centro Federal de Educa{\c c}\~ao Tecnol\'{o}gica de Minas Gerais},
  Year                     = {2012},

  Address                  = {Belo Horizonte},
  Type                     = {Mestrado em Modelagem Matem\'{a}tica e Computacional -- Sistemas Inteligentes},

  Pagename                 = {f.},
  Pages                    = {130},
  Timestamp                = {2014.09.26},
  Year-presented           = {Outubro 2011}
}

@Article{vanGELDER1998,
  Title                    = {Disentangling Dynamics, Computation and Cognition},
  Author                   = {Tim {van GELDER}},
  Journal                  = {Behavioral and Brain Sciences},
  Year                     = {1998},
  Pages                    = {40--47},
  Volume                   = {21},

  Key                      = {cognitive science, digital computer, dynamical hypothesis, dynamical system},
  Timestamp                = {2014.09.26}
}

@Manual{NBR14724:2011,
  Title                    = {{ABNT NBR} 14724},

  Address                  = {Rio de Janeiro},
  Month                    = mar,
  Organization             = {Associa{\c c}\~ao Brasileira de Normas T\'ecnicas},
  Year                     = {2011},

  Org-short                = {ABNT},
  Pages                    = {11},
  Subtitle                 = {Informa{\c c}\~ao e documenta{\c c}\~ao --- Trabalhos acad\^emicos --- Apresenta{\c c}\~ao},
  Timestamp                = {2014.09.27}
}

@Manual{NBR15287:2005,
  Title                    = {{ABNT NBR} 15287},

  Address                  = {Rio de Janeiro},
  Month                    = {dez.},
  Organization             = {Associa{\c c}\~ao Brasileira de Normas T\'ecnicas},
  Year                     = {2005},

  Org-short                = {ABNT},
  Pages                    = {6},
  Subtitle                 = {Informa{\c c}\~ao e documenta{\c c}\~ao --- Projeto de pesquisa --- Apresenta{\c c}\~ao},
  Timestamp                = {2014.09.27}
}

@Manual{NBR10520:2002,
  Title                    = {{NBR} 10520},

  Address                  = {Rio de Janeiro},
  Month                    = {ago.},
  Organization             = {Associa{\c c}\~ao Brasileira de Normas T\'ecnicas},
  Year                     = {2002},

  Org-short                = {ABNT},
  Pages                    = {7},
  Subtitle                 = {Informa{\c c}\~ao e documenta{\c c}\~ao --- Cita{\c c}\~oes em documentos --- Apresenta{\c c}\~ao},
  Timestamp                = {2014.09.27}
}

@Manual{NBR6023:2002,
  Title                    = {{NBR} 6023},

  Address                  = {Rio de Janeiro},
  Month                    = {ago.},
  Organization             = {Associa{\c c}\~ao Brasileira de Normas T\'ecnicas},
  Year                     = {2002},

  Org-short                = {ABNT},
  Pages                    = {24},
  Subtitle                 = {Informa{\c c}\~ao e documenta{\c c}\~ao --- Refer\^encias --- Elabora{\c c}\~ao},
  Timestamp                = {2014.09.27}
}
